0120041022AUTOGIRO9900FELLISTA REG.KONTRL                     4711170009912346  
82200410230   0000000000000101000000050000                01                                       
82200410230   0000000000000102000000020000                03                                       
82200410230   0000000000000103000000010000                02                                       
82200410230   0000000000000104000000015000                07                                       
09200410229900000000000000000000000004000000095000                                                           
