0120041022AUTOGIRO9900FELLISTA REG.KONTRL                     4711170009912346 
82200410230   0000000002222101000000050000                01                   
82200410230   0000000003333102000000020000                01                   
82200410230   0000000004444103000000010000                03                   
82200410230   0000000005555104000000015000                07                   
09200410229900000000000000000000000004000000095000                             