0120041027AUTOGIRO9900                                        4711170009912346  
82200410280    000000000000100100000002430000099123460809001                    
82200410280    000000000000100200000003840000099123460809002                    
82200410280    000000000000100400000003350000099123460809004                    
82200410280    000000000000100500000004620000099123460809005                    
82200410280    000000000000100600000001720000099123460809006                    
82200410280    000000000000100700000004840000099123460809007                    
82200410280    000000000000100800000003140000099123460809008                    
82200410280    000000000000100900000001120000099123460809009                    
82200410280    000000000000101000000004870000099123460809010                    
82200410280    000000000000101100000004340000099123460809011                    
82200410280    000000000000101200000003370000099123460809012                    
32200410280    000000000000101400000168740000099123460809745                   1
82200410280    000000000000101300000002530000099123460809013                   1
82200410280    000000000000101400000009690000099123460809014                   2
82200410280    000000000000101500000004890000099123460809015                   9
09200410279900              0000016874000000010000140000000000547500000000000000
