0120041026AUTOGIRO                                            4711170009912346  
82200410270    00000000033344510000000750000009912346FAKT 12345678                           
82200410270    00000000044450620000000250000009912346FAKT 34567899                           
32200410280    00000000055507310000001250000009912346FAKT 78787878                