0120041022AUTOGIRO9900MAK/ÄNDRINGSLISTA                       4711170009912346  
23200410230000000000002101820000000200000000000000000000000000000000000012           
25200410230000000000002102820000000100000000000000000000000000000000000012            
03200410230000000000002103820000000150000000000000000000000000000000000012            
29200410270000000000002104820000000500000000000020041102000000000000000014            
09200410229900              0000000000000000000000040000000000095000000000000000